<?xml version="1.0" encoding="UTF-8"?><record xmlns="http://www.loc.gov/MARC21/slim" xmlns:cinclude="http://apache.org/cocoon/include/1.0" xmlns:zs="http://www.loc.gov/zing/srw/">
  <leader>00415nz  a2200121n  4500</leader>
  <controlfield tag="001">n  87135985 </controlfield>
  <controlfield tag="003">DLC</controlfield>
  <controlfield tag="005">19871015150308.5</controlfield>
  <controlfield tag="008">871015n| acannaab|          |n aad |||  </controlfield>
  <datafield tag="010" ind1=" " ind2=" ">
    <subfield code="a">n  87135985 </subfield>
  </datafield>
  <datafield tag="040" ind1=" " ind2=" ">
    <subfield code="a">DLC</subfield>
    <subfield code="c">DLC</subfield>
  </datafield>
  <datafield tag="100" ind1="1" ind2="0">
    <subfield code="a">Hashemi, Mehdi Emami,</subfield>
    <subfield code="d">1952-</subfield>
  </datafield>
  <datafield tag="670" ind1=" " ind2=" ">
    <subfield code="a">nuc87-106302: His Poverty, income redistribution, and basic needs, 1984</subfield>
    <subfield code="b">(hdg. on DAU rept.: Hashemi, Mehdi Emami, 1952- ; usage: Mehdi Emami Hashemi)</subfield>
  </datafield>
</record>